% This file was created with Citavi 6.14.4.0

@book{Bohm.2021,
  author    = {Bohm, J. and Klimm, D. and Mühlberg, M. and Winkler, B.},
  title     = {Einführung in die Kristallographie},
  publisher = {De Gruyter},
  editor    = {Kleber, W.},
  edition   = {20., erweiterte Auflage},
  year      = {2021},
  address   = {Berlin/Boston},
  doi       = {10.1515/9783110460247}
}

@book{Schwarzenbach.2001,
  author    = {Schwarzenbach, D.},
  title     = {Kristallographie},
  publisher = {Springer-Verlag},
  year      = {2001},
  address   = {Berlin/Heidelberg/New York},
}

