% Gro�schreibung im Titel ist durch {} zu Markieren!
%
% Der Eintrag bei "edition = " erscheint genau so wie er geschrieben wird (s. z.B. Khoo2007, Kopka2000 etc.).
%
% F�r einen vern�nftigen Eintrag im Literaturverzeichnis MUSS ein Autor ("author = ") angegeben werden.
% Notfalls muss einer erfunden werden (s. z.B. Agilent2006, Latex2011, etc.)
%
% Um Webseiten mit Hilfe von "url = " und "urldate = " zu zitieren, muss ausschlie�lich der
% Eintrag



@book{Bohm.2021,
  author    = {Bohm, J. and Klimm, D. and Mühlberg, M. and Winkler, B.},
  title     = {Einführung in die Kristallographie},
  publisher = {De Gruyter},
  editor    = {Kleber, W.},
  edition   = {20., erweiterte Auflage},
  year      = {2021},
  address   = {Berlin/Boston},
  doi       = {10.1515/9783110460247}
}

@book{Schwarzenbach.2001,
  author    = {Schwarzenbach, D.},
  title     = {Kristallographie},
  publisher = {Springer-Verlag},
  year      = {2001},
  address   = {Berlin/Heidelberg/New York},
}




% Artikel in Fachzeitschriften

@article{Ahlers1986,
  author    = {G. Ahlers and I. Rehberg},
  title     = {Convection in a Binary Mixture Heated from Below},
  journal   = {Phys. Rev. Lett.},
  volume    = {56},
  number    = {13},
  pages     = {1373--1376},
  year      = {1986}
}



