% Gro�schreibung im Titel ist durch {} zu Markieren!
%
% Der Eintrag bei "edition = " erscheint genau so wie er geschrieben wird (s. z.B. Khoo2007, Kopka2000 etc.).
%
% F�r einen vern�nftigen Eintrag im Literaturverzeichnis MUSS ein Autor ("author = ") angegeben werden.
% Notfalls muss einer erfunden werden (s. z.B. Agilent2006, Latex2011, etc.)
%
% Um Webseiten mit Hilfe von "url = " und "urldate = " zu zitieren, muss ausschlie�lich der
% Eintrag


% B�cher, Buchausschnitte und Proceedings

% This file was created with Citavi 6.14.4.0

@book{Kohler.uuuuuuuu,
 author = {Kohler, Anna},
 year = {uuuu-uuuu},
 title = {{Electronic processes in organic semiconductors : an introduction}},
 publisher = {Wiley-VCH},
 isbn = {978-3-527-68514-1},
 file = {Electronic Processes in Organic Semiconductors - 2015 - K hler:Attachments/Electronic Processes in Organic Semiconductors - 2015 - K hler.pdf:application/pdf}
}

% This file was created with Citavi 6.14.4.0

@book{JulienFrancoisGorenflot.2015,
 abstract = {PDF | In the course of this dissertation, we have presented the interest of using spectroscopic methods to unravel the physics of polymer semiconductors... | Find, read and cite all the research you need on ResearchGate},
 author = {{Julien Fran{\c{c}}ois Gorenflot}},
 year = {2015},
 title = {{Optical study of the excited states in the semiconducting polymer poly(3-hexylthiophene) for photovoltaic applications}},
 url = {https://www.researchgate.net/publication/299596618_Optical_study_of_the_excited_states_in_the_semiconducting_polymer_poly3-hexylthiophene_for_photovoltaic_applications},
 file = {Julien Fran{\c{c}}ois Gorenflot 2015 - Optical study of the excited:Attachments/Julien Fran{\c{c}}ois Gorenflot 2015 - Optical study of the excited.pdf:application/pdf}
}



